<?xml version="1.0" encoding="UTF-8"?>
  <record xmlns="http://www.loc.gov/MARC21/slim" type="Authority">
    <leader>00000nz  a2200000oc 4500</leader>
    <controlfield tag="001">133288463</controlfield>
    <controlfield tag="003">DE-101</controlfield>
    <controlfield tag="005">20080406114648.0</controlfield>
    <controlfield tag="008">070817n||aznnnaabn           | aaa    |c</controlfield>
    <datafield tag="024" ind1="7" ind2=" ">
      <subfield code="a">133288463</subfield>
      <subfield code="0">http://d-nb.info/gnd/133288463</subfield>
      <subfield code="2">gnd</subfield>
    </datafield>
    <datafield tag="035" ind1=" " ind2=" ">
      <subfield code="a">(DE-101)133288463</subfield>
    </datafield>
    <datafield tag="035" ind1=" " ind2=" ">
      <subfield code="a">(DE-588)133288463</subfield>
    </datafield>
    <datafield tag="035" ind1=" " ind2=" ">
      <subfield code="z">(DE-588a)133288463</subfield>
      <subfield code="9">v:zg</subfield>
    </datafield>
    <datafield tag="040" ind1=" " ind2=" ">
      <subfield code="a">DE-14</subfield>
      <subfield code="c">DE-14</subfield>
      <subfield code="9">r:DE-600</subfield>
      <subfield code="b">ger</subfield>
      <subfield code="d">0014</subfield>
    </datafield>
    <datafield tag="042" ind1=" " ind2=" ">
      <subfield code="a">gnd3</subfield>
    </datafield>
    <datafield tag="075" ind1=" " ind2=" ">
      <subfield code="b">p</subfield>
      <subfield code="2">gndgen</subfield>
    </datafield>
    <datafield tag="075" ind1=" " ind2=" ">
      <subfield code="b">piz</subfield>
      <subfield code="2">gndspec</subfield>
    </datafield>
    <datafield tag="079" ind1=" " ind2=" ">
      <subfield code="a">g</subfield>
      <subfield code="q">a</subfield>
      <subfield code="q">f</subfield>
    </datafield>
    <datafield tag="100" ind1="0" ind2=" ">
      <subfield code="a">Katharina Belgica</subfield>
      <subfield code="c">Hanau-Münzenberg, Gräfin</subfield>
      <subfield code="d">1578-1648</subfield>
    </datafield>
    <datafield tag="400" ind1="0" ind2=" ">
      <subfield code="a">Katharina Belgia</subfield>
      <subfield code="c">Hanau-Münzenberg, Gräfin</subfield>
      <subfield code="d">1578-1648</subfield>
    </datafield>
    <datafield tag="400" ind1="0" ind2=" ">
      <subfield code="a">Catharina Belgica</subfield>
      <subfield code="c">Hanau-Münzenberg, Gräfin</subfield>
      <subfield code="d">1578-1648</subfield>
    </datafield>
    <datafield tag="400" ind1="0" ind2=" ">
      <subfield code="a">Catharina Belgia</subfield>
      <subfield code="c">Hanau-Münzenberg, Gräfin</subfield>
      <subfield code="d">1578-1648</subfield>
    </datafield>
    <datafield tag="400" ind1="0" ind2=" ">
      <subfield code="a">Katharina Belgica</subfield>
      <subfield code="c">Hanau, Gräfin</subfield>
      <subfield code="d">1578-1648</subfield>
    </datafield>
    <datafield tag="400" ind1="0" ind2=" ">
      <subfield code="a">Katharina Belgia</subfield>
      <subfield code="c">Hanau, Gräfin</subfield>
      <subfield code="d">1578-1648</subfield>
    </datafield>
    <datafield tag="400" ind1="0" ind2=" ">
      <subfield code="a">Catharina Belgica</subfield>
      <subfield code="c">Hanau, Gräfin</subfield>
      <subfield code="d">1578-1648</subfield>
    </datafield>
    <datafield tag="400" ind1="0" ind2=" ">
      <subfield code="a">Catharina Belgia</subfield>
      <subfield code="c">Hanau, Gräfin</subfield>
      <subfield code="d">1578-1648</subfield>
    </datafield>
    <datafield tag="400" ind1="0" ind2=" ">
      <subfield code="a">Katharina Belgica</subfield>
      <subfield code="c">Oranien-Nassau, Prinzessin</subfield>
      <subfield code="d">1578-1648</subfield>
    </datafield>
    <datafield tag="400" ind1="0" ind2=" ">
      <subfield code="a">Katharina Belgia</subfield>
      <subfield code="c">Oranien-Nassau, Prinzessin</subfield>
      <subfield code="d">1578-1648</subfield>
    </datafield>
    <datafield tag="400" ind1="0" ind2=" ">
      <subfield code="a">Catharina Belgica</subfield>
      <subfield code="c">Oranien-Nassau, Prinzessin</subfield>
      <subfield code="d">1578-1648</subfield>
    </datafield>
    <datafield tag="400" ind1="0" ind2=" ">
      <subfield code="a">Catharina Belgia</subfield>
      <subfield code="c">Oranien-Nassau, Prinzessin</subfield>
      <subfield code="d">1578-1648</subfield>
    </datafield>
    <datafield tag="548" ind1=" " ind2=" ">
      <subfield code="a">1578-1648</subfield>
      <subfield code="4">datl</subfield>
      <subfield code="4">https://d-nb.info/standards/elementset/gnd#dateOfBirthAndDeath</subfield>
      <subfield code="w">r</subfield>
      <subfield code="i">Lebensdaten</subfield>
    </datafield>
    <datafield tag="667" ind1=" " ind2=" ">
      <subfield code="a">VD-17</subfield>
    </datafield>
    <datafield tag="678" ind1=" " ind2=" ">
      <subfield code="b">geb. 31.7.1578 Antwerpen, Tochter von Wilhelms I. von Oranien-Nassau (1559-1584) und Charlotte von Bourbon-Montpensier (1546-1582); 1596 Heirat in Dillenburg mit Graf Philipp Ludwig II. von Hanau-Münzenberg (1576-1612); 1612 - 1627 Vormundschaft für dessen Erben Philipp Moritz; 1634 Flucht in die Niederlande zu ihrem Stiefbruder Prinz Friedrich Heinrich von Oranien-Nassau (1584-1647), Statthalter der Niederlande; gest. 12.4.1648 in DenHaag, am 5. Mai 1648 zu Delft bestattet</subfield>
    </datafield>
    <datafield tag="913" ind1=" " ind2=" ">
      <subfield code="S">pnd</subfield>
      <subfield code="i">5</subfield>
      <subfield code="a">Katharina Belgica &lt;Hanau-Münzenberg, Gräfin&gt;</subfield>
      <subfield code="0">(DE-588a)133288463</subfield>
    </datafield>
  </record>
